@book{rosenDiscreteMathematicsIts2018,
  title = {Discrete {{Mathematics}} and {{Its Applications}}},
  author = {Rosen, Kenneth},
  date = {2018-08-10},
  edition = {8},
  publisher = {McGraw-Hill Education},
  location = {New York (N.Y.)},
  abstract = {ISBN: 9781260091991 is an International Student Edition of Discrete Mathematics and Its Applications 8th Edition By Kenneth Rosen This ISBN: 9781260091991 is student textbook only. It will not come with online access code. Online Access code sold separately at ISBN: 9781259731242 The content of this is the same on other formats. Rosen's Discrete Mathematics and its Applications presents a precise, relevant, comprehensive approach to mathematical concepts. This world-renowned best-selling text was written to accommodate the needs across a variety of majors and departments, including mathematics, computer science, and engineering. As the market leader, the book is highly flexible, comprehensive and a proven pedagogical teaching tool for instructors. Digital is becoming increasingly important and gaining popularity, crowning Connect as the digital leader for this discipline. McGraw-Hill Education's Connect, available as an optional add on item, is the only integrated learning system that empowers students by continuously adapting to deliver precisely what they need, when they need it and how they need it - ensuring class time is more effective. Connect allows the professor to assign homework, quizzes, and tests easily and automatically grades and records the scores of the student's work. Problems are randomized to prevent sharing of answers and may also have a "multi-step solution" which helps move the students' learning along if they experience difficulty.},
  isbn = {978-1-260-09199-1},
  langid = {english},
  pagetotal = {2240}
}
